@Manual{Bootstrap,
  title =        {\en{Bootstrap}},
  author =       {\en{Twitter}},
  month =        may,
  year =         2022,
  note =         {\en{\url{https://getbootstrap.com/}}}
}

@Manual{ChartJS,
  title =        {\en{ChartJS}},
  author =       {\en{ChartJS}},
  month =        may,
  year =         2022,
  note =         {\en{\url{https://www.chartjs.org/}}}
}


@Manual{Handlebars,
  title =        {\en{Handlebars}},
  author =       {\en{Handlebars}},
  month =        may,
  year =         2022,
  note =         {\en{\url{https://handlebarsjs.com/}}}
}

@Manual{Node.js,
  title =        {\en{Node}},
  author =       {\en{Node}},
  month =        may,
  year =         2022,
  note =         {\en{\url{https://nodejs.org/}}}
}


@Manual{Marked,
  title =        {\en{Marked}},
  author =       {\en{Marked}},
  month =        may,
  year =         2022,
  note =         {\en{\url{https://marked.js.org/}}}
}

@Manual{Passport,
  title =        {\en{Passport}},
  author =       {\en{Passport}},
  month =        may,
  year =         2022,
  note =         {\en{\url{https://www.passportjs.org/}}}
}

@Manual{Express,
  title =        {\en{Express}},
  author =       {\en{Express}},
  month =        may,
  year =         2022,
  note =         {\en{\url{https://expressjs.com/}}}
}

@Manual{Markdown,
  title =        {\en{Markdown}},
  author =       {\en{Markdown}},
  month =        may,
  year =         2022,
  note =         {\en{\url{https://en.wikipedia.org/wiki/Markdown}}}
}

@Manual{CDN,
  title =        {\en{CDN}},
  author =       {\en{CDN}},
  month =        may,
  year =         2022,
  note =         {\en{\url{https://en.wikipedia.org/wiki/Content_delivery_network}}}
}

@Manual{MariaDB,
  title =        {\en{MariaDB}},
  author =       {\en{MariaDB}},
  month =        may,
  year =         2022,
  note =         {\en{\url{https://mariadb.org/}}}
}

@Manual{SHA256,
  title =        {\en{SHA256}},
  author =       {\en{SHA256}},
  month =        may,
  year =         2022,
  note =         {\en{\url{https://en.wikipedia.org/wiki/SHA-2}}}
}
